%YAML 1.1
%TAG !u! tag:unity3d.com,2011:
--- !u!29 &1
OcclusionCullingSettings:
  m_ObjectHideFlags: 0
  serializedVersion: 2
  m_OcclusionBakeSettings:
    smallestOccluder: 5
    smallestHole: 0.25
    backfaceThreshold: 100
  m_SceneGUID: 00000000000000000000000000000000
  m_OcclusionCullingData: {fileID: 0}
--- !u!104 &2
RenderSettings:
  m_ObjectHideFlags: 0
  serializedVersion: 7
  m_Fog: 0
  m_FogColor: {r: 0.5, g: 0.5, b: 0.5, a: 1}
  m_FogMode: 3
  m_FogDensity: 0.01
  m_LinearFogStart: 0
  m_LinearFogEnd: 300
  m_AmbientSkyColor: {r: 0.2, g: 0.2, b: 0.2, a: 1}
  m_AmbientEquatorColor: {r: 0.2, g: 0.2, b: 0.2, a: 1}
  m_AmbientGroundColor: {r: 0.2, g: 0.2, b: 0.2, a: 1}
  m_AmbientIntensity: 1
  m_AmbientMode: 3
  m_SkyboxMaterial: {fileID: 0}
  m_HaloStrength: 0.5
  m_FlareStrength: 1
  m_FlareFadeSpeed: 3
  m_HaloTexture: {fileID: 0}
  m_SpotCookie: {fileID: 10001, guid: 0000000000000000e000000000000000, type: 0}
  m_DefaultReflectionMode: 0
  m_DefaultReflectionResolution: 128
  m_ReflectionBounces: 1
  m_ReflectionIntensity: 1
  m_CustomReflection: {fileID: 0}
  m_Sun: {fileID: 0}
  m_IndirectSpecularColor: {r: 0, g: 0, b: 0, a: 1}
--- !u!157 &4
LightmapSettings:
  m_ObjectHideFlags: 0
  serializedVersion: 7
  m_GIWorkflowMode: 1
  m_GISettings:
    serializedVersion: 2
    m_BounceScale: 1
    m_IndirectOutputScale: 1
    m_AlbedoBoost: 1
    m_TemporalCoherenceThreshold: 1
    m_EnvironmentLightingMode: 0
    m_EnableBakedLightmaps: 1
    m_EnableRealtimeLightmaps: 0
  m_LightmapEditorSettings:
    serializedVersion: 4
    m_Resolution: 1
    m_BakeResolution: 50
    m_TextureWidth: 1024
    m_TextureHeight: 1024
    m_AO: 1
    m_AOMaxDistance: 1
    m_CompAOExponent: 1
    m_CompAOExponentDirect: 0
    m_Padding: 2
    m_LightmapParameters: {fileID: 0}
    m_LightmapsBakeMode: 1
    m_TextureCompression: 0
    m_DirectLightInLightProbes: 1
    m_FinalGather: 0
    m_FinalGatherFiltering: 1
    m_FinalGatherRayCount: 256
    m_ReflectionCompression: 2
  m_LightingDataAsset: {fileID: 0}
  m_RuntimeCPUUsage: 25
--- !u!196 &5
NavMeshSettings:
  serializedVersion: 2
  m_ObjectHideFlags: 0
  m_BuildSettings:
    serializedVersion: 2
    agentTypeID: 0
    agentRadius: 0.5
    agentHeight: 2
    agentSlope: 45
    agentClimb: 0.4
    ledgeDropHeight: 0
    maxJumpAcrossDistance: 0
    minRegionArea: 2
    manualCellSize: 0
    cellSize: 0.16666666
    accuratePlacement: 0
  m_NavMeshData: {fileID: 0}
--- !u!1 &52252833
GameObject:
  m_ObjectHideFlags: 0
  m_PrefabParentObject: {fileID: 100000, guid: 7c3a28b051e872b448d4808cfcf9199c, type: 2}
  m_PrefabInternal: {fileID: 0}
  serializedVersion: 5
  m_Component:
  - component: {fileID: 52252834}
  - component: {fileID: 52252835}
  m_Layer: 9
  m_Name: Label
  m_TagString: Untagged
  m_Icon: {fileID: 0}
  m_NavMeshLayer: 0
  m_StaticEditorFlags: 0
  m_IsActive: 1
--- !u!4 &52252834
Transform:
  m_ObjectHideFlags: 0
  m_PrefabParentObject: {fileID: 400000, guid: 7c3a28b051e872b448d4808cfcf9199c, type: 2}
  m_PrefabInternal: {fileID: 0}
  m_GameObject: {fileID: 52252833}
  m_LocalRotation: {x: 0, y: 0, z: 0, w: 1}
  m_LocalPosition: {x: 0, y: 0, z: 0}
  m_LocalScale: {x: 1, y: 1, z: 1}
  m_Children: []
  m_Father: {fileID: 2019239045}
  m_RootOrder: 0
  m_LocalEulerAnglesHint: {x: 0, y: 0, z: 0}
--- !u!114 &52252835
MonoBehaviour:
  m_ObjectHideFlags: 0
  m_PrefabParentObject: {fileID: 11400002, guid: 7c3a28b051e872b448d4808cfcf9199c,
    type: 2}
  m_PrefabInternal: {fileID: 0}
  m_GameObject: {fileID: 52252833}
  m_Enabled: 1
  m_EditorHideFlags: 0
  m_Script: {fileID: 11500000, guid: e9d0b5f3bbe925a408bd595c79d0bf63, type: 3}
  m_Name: 
  m_EditorClassIdentifier: 
  leftAnchor:
    target: {fileID: 2019239045}
    relative: 0
    absolute: 4
  rightAnchor:
    target: {fileID: 2019239045}
    relative: 1
    absolute: -4
  bottomAnchor:
    target: {fileID: 2019239045}
    relative: 0
    absolute: 4
  topAnchor:
    target: {fileID: 2019239045}
    relative: 1
    absolute: -4
  updateAnchors: 1
  mColor: {r: 0, g: 0, b: 0, a: 0.7372549}
  mPivot: 4
  mWidth: 292
  mHeight: 66
  mDepth: 5
  mMat: {fileID: 0}
  autoResizeBoxCollider: 0
  hideIfOffScreen: 0
  keepAspectRatio: 0
  aspectRatio: 4.4242425
  keepCrispWhenShrunk: 1
  mTrueTypeFont: {fileID: 10102, guid: 0000000000000000e000000000000000, type: 0}
  mFont: {fileID: 0}
  mText: Change Text
  mFontSize: 20
  mFontStyle: 0
  mAlignment: 0
  mEncoding: 1
  mMaxLineCount: 0
  mEffectStyle: 0
  mEffectColor: {r: 0, g: 0, b: 0, a: 1}
  mSymbols: 1
  mEffectDistance: {x: 1, y: 1}
  mOverflow: 0
  mApplyGradient: 1
  mGradientTop: {r: 1, g: 1, b: 1, a: 1}
  mGradientBottom: {r: 0.7, g: 0.7, b: 0.7, a: 1}
  mSpacingX: 0
  mSpacingY: 0
  mUseFloatSpacing: 0
  mFloatSpacingX: 0
  mFloatSpacingY: 0
  mOverflowEllipsis: 0
  mOverflowWidth: 0
  mModifier: 0
  mShrinkToFit: 0
  mMaxLineWidth: 0
  mMaxLineHeight: 0
  mLineWidth: 0
  mMultiline: 1
--- !u!1 &548586634
GameObject:
  m_ObjectHideFlags: 0
  m_PrefabParentObject: {fileID: 0}
  m_PrefabInternal: {fileID: 0}
  serializedVersion: 5
  m_Component:
  - component: {fileID: 548586635}
  - component: {fileID: 548586637}
  - component: {fileID: 548586636}
  m_Layer: 9
  m_Name: Camera
  m_TagString: Untagged
  m_Icon: {fileID: 0}
  m_NavMeshLayer: 0
  m_StaticEditorFlags: 0
  m_IsActive: 1
--- !u!4 &548586635
Transform:
  m_ObjectHideFlags: 0
  m_PrefabParentObject: {fileID: 0}
  m_PrefabInternal: {fileID: 0}
  m_GameObject: {fileID: 548586634}
  m_LocalRotation: {x: 0, y: 0, z: 0, w: 1}
  m_LocalPosition: {x: 0, y: 0, z: 0}
  m_LocalScale: {x: 1, y: 1, z: 1}
  m_Children: []
  m_Father: {fileID: 1922175424}
  m_RootOrder: 0
  m_LocalEulerAnglesHint: {x: 0, y: 0, z: 0}
--- !u!114 &548586636
MonoBehaviour:
  m_ObjectHideFlags: 0
  m_PrefabParentObject: {fileID: 0}
  m_PrefabInternal: {fileID: 0}
  m_GameObject: {fileID: 548586634}
  m_Enabled: 1
  m_EditorHideFlags: 0
  m_Script: {fileID: 11500000, guid: 2a92b5d748695fd44aac9feef17ba415, type: 3}
  m_Name: 
  m_EditorClassIdentifier: 
  eventType: 3
  eventsGoToColliders: 0
  eventReceiverMask:
    serializedVersion: 2
    m_Bits: 4294967295
  processEventsIn: 0
  debug: 0
  useMouse: 1
  useTouch: 1
  allowMultiTouch: 1
  useKeyboard: 1
  useController: 1
  stickyTooltip: 1
  tooltipDelay: 1
  longPressTooltip: 0
  mouseDragThreshold: 4
  mouseClickThreshold: 10
  touchDragThreshold: 40
  touchClickThreshold: 40
  rangeDistance: -1
  horizontalAxisName: Horizontal
  verticalAxisName: Vertical
  horizontalPanAxisName: 
  verticalPanAxisName: 
  scrollAxisName: Mouse ScrollWheel
  commandClick: 1
  submitKey0: 13
  submitKey1: 330
  cancelKey0: 27
  cancelKey1: 331
  autoHideCursor: 1
--- !u!20 &548586637
Camera:
  m_ObjectHideFlags: 0
  m_PrefabParentObject: {fileID: 0}
  m_PrefabInternal: {fileID: 0}
  m_GameObject: {fileID: 548586634}
  m_Enabled: 1
  serializedVersion: 2
  m_ClearFlags: 3
  m_BackGroundColor: {r: 0.5, g: 0.5, b: 0.5, a: 1}
  m_NormalizedViewPortRect:
    serializedVersion: 2
    x: 0
    y: 0
    width: 1
    height: 1
  near clip plane: -10
  far clip plane: 10
  field of view: 60
  orthographic: 1
  orthographic size: 1
  m_Depth: 0
  m_CullingMask:
    serializedVersion: 2
    m_Bits: 512
  m_RenderingPath: -1
  m_TargetTexture: {fileID: 0}
  m_TargetDisplay: 0
  m_TargetEye: 3
  m_HDR: 0
  m_OcclusionCulling: 1
  m_StereoConvergence: 10
  m_StereoSeparation: 0.022
  m_StereoMirrorMode: 0
--- !u!1 &1077755567
GameObject:
  m_ObjectHideFlags: 0
  m_PrefabParentObject: {fileID: 0}
  m_PrefabInternal: {fileID: 0}
  serializedVersion: 5
  m_Component:
  - component: {fileID: 1077755568}
  - component: {fileID: 1077755569}
  - component: {fileID: 1077755571}
  m_Layer: 9
  m_Name: Label
  m_TagString: Untagged
  m_Icon: {fileID: 0}
  m_NavMeshLayer: 0
  m_StaticEditorFlags: 0
  m_IsActive: 1
--- !u!4 &1077755568
Transform:
  m_ObjectHideFlags: 0
  m_PrefabParentObject: {fileID: 0}
  m_PrefabInternal: {fileID: 0}
  m_GameObject: {fileID: 1077755567}
  m_LocalRotation: {x: 0, y: 0, z: 0, w: 1}
  m_LocalPosition: {x: 0, y: 102, z: 0}
  m_LocalScale: {x: 1, y: 1, z: 1}
  m_Children: []
  m_Father: {fileID: 1922175424}
  m_RootOrder: 1
  m_LocalEulerAnglesHint: {x: 0, y: 0, z: 0}
--- !u!114 &1077755569
MonoBehaviour:
  m_ObjectHideFlags: 0
  m_PrefabParentObject: {fileID: 0}
  m_PrefabInternal: {fileID: 0}
  m_GameObject: {fileID: 1077755567}
  m_Enabled: 1
  m_EditorHideFlags: 0
  m_Script: {fileID: 11500000, guid: 041666eb061ece542aaf8e72110b0f6a, type: 3}
  m_Name: 
  m_EditorClassIdentifier: 
  Data:
    Constant: 
    Path: Text
    Provider: {fileID: 0}
    Reference: {fileID: 0}
    Type: 0
  TargetBinding:
    Constant: 
    Path: 
    Provider: {fileID: 0}
    Reference: {fileID: 1077755571}
    Type: 3
  constantTarget: {fileID: 0}
--- !u!114 &1077755571
MonoBehaviour:
  m_ObjectHideFlags: 0
  m_PrefabParentObject: {fileID: 0}
  m_PrefabInternal: {fileID: 0}
  m_GameObject: {fileID: 1077755567}
  m_Enabled: 1
  m_EditorHideFlags: 0
  m_Script: {fileID: 11500000, guid: e9d0b5f3bbe925a408bd595c79d0bf63, type: 3}
  m_Name: 
  m_EditorClassIdentifier: 
  leftAnchor:
    target: {fileID: 0}
    relative: 0
    absolute: 0
  rightAnchor:
    target: {fileID: 0}
    relative: 1
    absolute: 0
  bottomAnchor:
    target: {fileID: 0}
    relative: 0
    absolute: 0
  topAnchor:
    target: {fileID: 0}
    relative: 1
    absolute: 0
  updateAnchors: 1
  mColor: {r: 1, g: 1, b: 1, a: 1}
  mPivot: 4
  mWidth: 460
  mHeight: 100
  mDepth: 0
  mMat: {fileID: 0}
  autoResizeBoxCollider: 0
  hideIfOffScreen: 0
  keepAspectRatio: 0
  aspectRatio: 4.6
  keepCrispWhenShrunk: 1
  mTrueTypeFont: {fileID: 10102, guid: 0000000000000000e000000000000000, type: 0}
  mFont: {fileID: 0}
  mText: New Label
  mFontSize: 100
  mFontStyle: 0
  mAlignment: 0
  mEncoding: 1
  mMaxLineCount: 0
  mEffectStyle: 0
  mEffectColor: {r: 0, g: 0, b: 0, a: 1}
  mSymbols: 1
  mEffectDistance: {x: 1, y: 1}
  mOverflow: 0
  mApplyGradient: 1
  mGradientTop: {r: 1, g: 1, b: 1, a: 1}
  mGradientBottom: {r: 0.7, g: 0.7, b: 0.7, a: 1}
  mSpacingX: 0
  mSpacingY: 0
  mUseFloatSpacing: 0
  mFloatSpacingX: 0
  mFloatSpacingY: 0
  mOverflowEllipsis: 0
  mOverflowWidth: 0
  mModifier: 0
  mShrinkToFit: 0
  mMaxLineWidth: 0
  mMaxLineHeight: 0
  mLineWidth: 0
  mMultiline: 1
--- !u!1 &1223239873
GameObject:
  m_ObjectHideFlags: 0
  m_PrefabParentObject: {fileID: 0}
  m_PrefabInternal: {fileID: 0}
  serializedVersion: 5
  m_Component:
  - component: {fileID: 1223239878}
  - component: {fileID: 1223239877}
  - component: {fileID: 1223239876}
  - component: {fileID: 1223239875}
  - component: {fileID: 1223239874}
  m_Layer: 0
  m_Name: Main Camera
  m_TagString: MainCamera
  m_Icon: {fileID: 0}
  m_NavMeshLayer: 0
  m_StaticEditorFlags: 0
  m_IsActive: 1
--- !u!81 &1223239874
AudioListener:
  m_ObjectHideFlags: 0
  m_PrefabParentObject: {fileID: 0}
  m_PrefabInternal: {fileID: 0}
  m_GameObject: {fileID: 1223239873}
  m_Enabled: 1
--- !u!124 &1223239875
Behaviour:
  m_ObjectHideFlags: 0
  m_PrefabParentObject: {fileID: 0}
  m_PrefabInternal: {fileID: 0}
  m_GameObject: {fileID: 1223239873}
  m_Enabled: 1
--- !u!92 &1223239876
Behaviour:
  m_ObjectHideFlags: 0
  m_PrefabParentObject: {fileID: 0}
  m_PrefabInternal: {fileID: 0}
  m_GameObject: {fileID: 1223239873}
  m_Enabled: 1
--- !u!20 &1223239877
Camera:
  m_ObjectHideFlags: 0
  m_PrefabParentObject: {fileID: 0}
  m_PrefabInternal: {fileID: 0}
  m_GameObject: {fileID: 1223239873}
  m_Enabled: 1
  serializedVersion: 2
  m_ClearFlags: 1
  m_BackGroundColor: {r: 0.19215687, g: 0.3019608, b: 0.4745098, a: 0.019607844}
  m_NormalizedViewPortRect:
    serializedVersion: 2
    x: 0
    y: 0
    width: 1
    height: 1
  near clip plane: 0.3
  far clip plane: 1000
  field of view: 60
  orthographic: 0
  orthographic size: 5
  m_Depth: -1
  m_CullingMask:
    serializedVersion: 2
    m_Bits: 4294966783
  m_RenderingPath: -1
  m_TargetTexture: {fileID: 0}
  m_TargetDisplay: 0
  m_TargetEye: 3
  m_HDR: 0
  m_OcclusionCulling: 1
  m_StereoConvergence: 10
  m_StereoSeparation: 0.022
  m_StereoMirrorMode: 0
--- !u!4 &1223239878
Transform:
  m_ObjectHideFlags: 0
  m_PrefabParentObject: {fileID: 0}
  m_PrefabInternal: {fileID: 0}
  m_GameObject: {fileID: 1223239873}
  m_LocalRotation: {x: 0, y: 0, z: 0, w: 1}
  m_LocalPosition: {x: 0, y: 1, z: -10}
  m_LocalScale: {x: 1, y: 1, z: 1}
  m_Children: []
  m_Father: {fileID: 0}
  m_RootOrder: 0
  m_LocalEulerAnglesHint: {x: 0, y: 0, z: 0}
--- !u!1 &1922175420
GameObject:
  m_ObjectHideFlags: 0
  m_PrefabParentObject: {fileID: 0}
  m_PrefabInternal: {fileID: 0}
  serializedVersion: 5
  m_Component:
  - component: {fileID: 1922175424}
  - component: {fileID: 1922175423}
  - component: {fileID: 1922175422}
  - component: {fileID: 1922175425}
  m_Layer: 9
  m_Name: UI Root
  m_TagString: Untagged
  m_Icon: {fileID: 0}
  m_NavMeshLayer: 0
  m_StaticEditorFlags: 0
  m_IsActive: 1
--- !u!114 &1922175422
MonoBehaviour:
  m_ObjectHideFlags: 0
  m_PrefabParentObject: {fileID: 0}
  m_PrefabInternal: {fileID: 0}
  m_GameObject: {fileID: 1922175420}
  m_Enabled: 1
  m_EditorHideFlags: 0
  m_Script: {fileID: 11500000, guid: ae942c9068183dc40a9d01f648273726, type: 3}
  m_Name: 
  m_EditorClassIdentifier: 
  leftAnchor:
    target: {fileID: 0}
    relative: 0
    absolute: 0
  rightAnchor:
    target: {fileID: 0}
    relative: 1
    absolute: 0
  bottomAnchor:
    target: {fileID: 0}
    relative: 0
    absolute: 0
  topAnchor:
    target: {fileID: 0}
    relative: 1
    absolute: 0
  updateAnchors: 1
  showInPanelTool: 1
  generateNormals: 0
  generateUV2: 0
  shadowMode: 0
  widgetsAreStatic: 0
  cullWhileDragging: 1
  alwaysOnScreen: 0
  anchorOffset: 0
  softBorderPadding: 1
  renderQueue: 0
  startingRenderQueue: 3000
  mClipTexture: {fileID: 0}
  mAlpha: 1
  mClipping: 0
  mClipRange: {x: 0, y: 0, z: 300, w: 200}
  mClipSoftness: {x: 4, y: 4}
  mDepth: 0
  mSortingOrder: 0
  mSortingLayerName: 
  mClipOffset: {x: 0, y: 0}
  useSortingOrder: 0
--- !u!114 &1922175423
MonoBehaviour:
  m_ObjectHideFlags: 0
  m_PrefabParentObject: {fileID: 0}
  m_PrefabInternal: {fileID: 0}
  m_GameObject: {fileID: 1922175420}
  m_Enabled: 1
  m_EditorHideFlags: 0
  m_Script: {fileID: 11500000, guid: 2c5ecb5660b11414fb042fb826e03b73, type: 3}
  m_Name: 
  m_EditorClassIdentifier: 
  scalingStyle: 0
  manualWidth: 1280
  manualHeight: 720
  minimumHeight: 320
  maximumHeight: 1536
  fitWidth: 0
  fitHeight: 1
  adjustByDPI: 0
  shrinkPortraitUI: 0
--- !u!4 &1922175424
Transform:
  m_ObjectHideFlags: 0
  m_PrefabParentObject: {fileID: 0}
  m_PrefabInternal: {fileID: 0}
  m_GameObject: {fileID: 1922175420}
  m_LocalRotation: {x: 0, y: 0, z: 0, w: 1}
  m_LocalPosition: {x: 0, y: 0, z: 0}
  m_LocalScale: {x: 0.0047281324, y: 0.0047281324, z: 0.0047281324}
  m_Children:
  - {fileID: 548586635}
  - {fileID: 1077755568}
  - {fileID: 2019239045}
  m_Father: {fileID: 0}
  m_RootOrder: 1
  m_LocalEulerAnglesHint: {x: 0, y: 0, z: 0}
--- !u!114 &1922175425
MonoBehaviour:
  m_ObjectHideFlags: 0
  m_PrefabParentObject: {fileID: 0}
  m_PrefabInternal: {fileID: 0}
  m_GameObject: {fileID: 1922175420}
  m_Enabled: 1
  m_EditorHideFlags: 0
  m_Script: {fileID: 11500000, guid: 0353de6b5a9e8fa4eaded0354856aa9e, type: 3}
  m_Name: 
  m_EditorClassIdentifier: 
  contextType: Slash.Unity.DataBind.Examples.LabelSetter.LabelSetterContext, Assembly-CSharp,
    Version=0.0.0.0, Culture=neutral, PublicKeyToken=null
  createContext: 1
--- !u!1 &2019239044
GameObject:
  m_ObjectHideFlags: 0
  m_PrefabParentObject: {fileID: 100002, guid: 7c3a28b051e872b448d4808cfcf9199c, type: 2}
  m_PrefabInternal: {fileID: 0}
  serializedVersion: 5
  m_Component:
  - component: {fileID: 2019239045}
  - component: {fileID: 2019239049}
  - component: {fileID: 2019239048}
  - component: {fileID: 2019239047}
  - component: {fileID: 2019239046}
  m_Layer: 9
  m_Name: Button
  m_TagString: Untagged
  m_Icon: {fileID: 0}
  m_NavMeshLayer: 0
  m_StaticEditorFlags: 0
  m_IsActive: 1
--- !u!4 &2019239045
Transform:
  m_ObjectHideFlags: 0
  m_PrefabParentObject: {fileID: 400002, guid: 7c3a28b051e872b448d4808cfcf9199c, type: 2}
  m_PrefabInternal: {fileID: 0}
  m_GameObject: {fileID: 2019239044}
  m_LocalRotation: {x: 0, y: 0, z: 0, w: 1}
  m_LocalPosition: {x: 0, y: -115, z: 0}
  m_LocalScale: {x: 1, y: 1, z: 1}
  m_Children:
  - {fileID: 52252834}
  m_Father: {fileID: 1922175424}
  m_RootOrder: 2
  m_LocalEulerAnglesHint: {x: 0, y: 0, z: 0}
--- !u!114 &2019239046
MonoBehaviour:
  m_ObjectHideFlags: 0
  m_PrefabParentObject: {fileID: 0}
  m_PrefabInternal: {fileID: 0}
  m_GameObject: {fileID: 2019239044}
  m_Enabled: 1
  m_EditorHideFlags: 0
  m_Script: {fileID: 11500000, guid: 025015f82a4a6e84da4d939445b6b3d1, type: 3}
  m_Name: 
  m_EditorClassIdentifier: 
  AdditionalArguments: []
  Path: OnChangeText
  Target: {fileID: 2019239048}
--- !u!61 &2019239047
BoxCollider2D:
  m_ObjectHideFlags: 0
  m_PrefabParentObject: {fileID: 0}
  m_PrefabInternal: {fileID: 0}
  m_GameObject: {fileID: 2019239044}
  m_Enabled: 1
  m_Density: 1
  m_Material: {fileID: 0}
  m_IsTrigger: 1
  m_UsedByEffector: 0
  m_Offset: {x: 0, y: 0}
  serializedVersion: 2
  m_Size: {x: 300, y: 74}
--- !u!114 &2019239048
MonoBehaviour:
  m_ObjectHideFlags: 0
  m_PrefabParentObject: {fileID: 11400000, guid: 7c3a28b051e872b448d4808cfcf9199c,
    type: 2}
  m_PrefabInternal: {fileID: 0}
  m_GameObject: {fileID: 2019239044}
  m_Enabled: 1
  m_EditorHideFlags: 0
  m_Script: {fileID: 11500000, guid: 1fdca5042b1d12a4890ec1bd4f04290d, type: 3}
  m_Name: 
  m_EditorClassIdentifier: 
  tweenTarget: {fileID: 2019239044}
  hover: {r: 0.88235295, g: 0.78431374, b: 0.5882353, a: 1}
  pressed: {r: 0.7176471, g: 0.6392157, b: 0.48235294, a: 1}
  disabledColor: {r: 0.5, g: 0.5, b: 0.5, a: 1}
  duration: 0.2
  dragHighlight: 0
  hoverSprite: 
  pressedSprite: 
  disabledSprite: 
  hoverSprite2D: {fileID: 0}
  pressedSprite2D: {fileID: 0}
  disabledSprite2D: {fileID: 0}
  pixelSnap: 0
  onClick: []
--- !u!114 &2019239049
MonoBehaviour:
  m_ObjectHideFlags: 0
  m_PrefabParentObject: {fileID: 11400004, guid: 7c3a28b051e872b448d4808cfcf9199c,
    type: 2}
  m_PrefabInternal: {fileID: 0}
  m_GameObject: {fileID: 2019239044}
  m_Enabled: 1
  m_EditorHideFlags: 0
  m_Script: {fileID: 11500000, guid: 1b3dc54f924693f41b5cbecb267e647a, type: 3}
  m_Name: 
  m_EditorClassIdentifier: 
  leftAnchor:
    target: {fileID: 0}
    relative: 0
    absolute: 0
  rightAnchor:
    target: {fileID: 0}
    relative: 1
    absolute: 0
  bottomAnchor:
    target: {fileID: 0}
    relative: 0
    absolute: 0
  topAnchor:
    target: {fileID: 0}
    relative: 1
    absolute: 0
  updateAnchors: 1
  mColor: {r: 1, g: 1, b: 1, a: 1}
  mPivot: 4
  mWidth: 300
  mHeight: 74
  mDepth: 4
  mMat: {fileID: 0}
  autoResizeBoxCollider: 1
  hideIfOffScreen: 0
  keepAspectRatio: 0
  aspectRatio: 4.0540543
  mType: 1
  mFillDirection: 4
  mFillAmount: 1
  mInvert: 0
  mFlip: 0
  mApplyGradient: 0
  mGradientTop: {r: 1, g: 1, b: 1, a: 1}
  mGradientBottom: {r: 0.7, g: 0.7, b: 0.7, a: 1}
  centerType: 1
  leftType: 1
  rightType: 1
  bottomType: 1
  topType: 1
  mAtlas: {fileID: 11400000, guid: aa52ffb15fe7af84a913b2e41d23b3f2, type: 2}
  mSpriteName: Button
  mFillCenter: 1
